@misc{large-water-bodies,
		title="Efficient Simulation of Large Bodies of Water by Coupling Two and Three Dimensional Techniques [Электронный ресурс]",
		howpublished="Режим доступа: \url{https://graphics.pixar.com/library/TwoDThreeDWaterSim/paper.pdf} (дата обращения 17.09.2021)"
}

@misc{ocean-simulation,
		title="A Survey of Ocean Simulation and Rendering
Techniques in Computer Graphics [Электронный ресурс]",
		howpublished="Режим доступа: \url{https://hal.archives-ouvertes.fr/hal-00587242} (дата обращения 17.09.2021)"
}

@misc{dispersion-kernels,
		title="Dispersion Kernels for Water Wave Simulation [Электронный ресурс]",
		howpublished="Режим доступа: \url{https://graphics.pixar.com/library/DispersionKernels/paper.pdf} (дата обращения: 12.09.2021)"
}

@misc{wave-packets,
		title="Water Wave Packets [Электронный ресурс]",
		howpublished="Режим доступа: \url{http://pub.ist.ac.at/group_wojtan/projects/2017\_Jeschke\_WaterWavePackets/wavepackets\_author.pdf} (дата обращения: 12.09.2021)"
}

@misc{orbit-procedure,
		title="A Simple Model of Ocean Waves [Электронный ресурс]",
		howpublished="Режим доступа: \url{http://www.iro.umontreal.ca/~poulin/fournier/papers/p75-fournier.pdf} (дата обращения: 23.09.2021)"
}

@misc{spectrum-tessendorf,
		title="Interactive Water Surfaces [Электронный ресурс]",
		howpublished="Режим доступа: \url{https://people.cs.clemson.edu/~jtessen/reports/papers\_files/Interactive\_Water\_Surfaces.pdf} (дата обращения: 23.09.2021)"
}

@misc{spectrum-darles,
		title="A Survey of Ocean Simulation and Rendering Techniques in Computer Graphics [Электронный ресурс]",
		howpublished="Режим доступа: \url{https://www.math.tecnico.ulisboa.pt/~jnatar/ficcao/ocean.pdf} (дата обращения: 23.09.2021)"
}

@misc{field,
		title="Rapid, Stable Fluid Dynamics for Computer Graphics [Электронный ресурс]",
		howpublished="Режим доступа: \url{https://www.researchgate.net/publication/220721601\_Stable\_Fluid\_Dynamics\_for\_Computer\_Graphics} (дата обращения: 23.09.2021)"
}

@misc{sph,
		title="SPH Fluids in Computer Graphics [Электронный ресурс]",
		howpublished="Режим доступа: \url{https://www.researchgate.net/publication/286443419\_SPH\_Fluids\_in\_Computer\_Graphics\_-\_Eurographics\_State-of-the-art\_report} (дата обращения: 23.09.2021)"
}


@misc{mps,
		title="Particle-Based Simulation of Fluids [Электронный ресурс]",
		howpublished="Режим доступа: \url{https://www.researchgate.net/publication/2924177\_Particle-Based\_Simulation\_of\_Fluids} (дата обращения: 23.09.2021)"
}

@misc{large-small,
		title="Real-time Simulation of Large Bodies of Water with Small Scale Details [Электронный ресурс]",
		howpublished="Режим доступа: \url{https://matthias-research.github.io/pages/publications/hfFluid.pdf} (дата обращения: 23.09.2021)"
}

@misc{shallow,
		title="SPH Based Shallow Water Simulation [Электронный ресурс]",
		howpublished="Режим доступа: \url{https://matthias-research.github.io/pages/publications/SPHShallow.pdf} (дата обращения: 23.09.2021)"
}

@misc{blender,
    title = "Blender",
    howpublished = "Режим доступа: \url{https://www.blender.org/} (дата обращения: 04.10.2021)"
}

@misc{mantaflow,
    title = "Mantaflow",
    howpublished = "Режим доступа: \url{http://mantaflow.com/} (дата обращения: 04.10.2021)"
}

@misc{flow-3d,
    title = "FLOW-3D",
    howpublished = "Режим доступа: \url{https://www.flow3d.com/modeling-capabilities/waves/} (дата обращения: 04.10.2021)"
}

@misc{airy,
    title="Tides and Waves",
    author="Airy G.",
    year="1849"
}
