@misc{large-water-bodies,
		title="Efficient Simulation of Large Bodies of Water by Coupling Two and Three Dimensional Techniques [Электронный ресурс]",
		howpublished="Режим доступа: \url{https://graphics.pixar.com/library/TwoDThreeDWaterSim/paper.pdf} (дата обращения 17.09.2021)"
}

@misc{ocean-simulation,
		title="A Survey of Ocean Simulation and Rendering
Techniques in Computer Graphics [Электронный ресурс]",
		howpublished="Режим доступа: \url{https://hal.archives-ouvertes.fr/hal-00587242} (дата обращения 17.09.2021)"
}

@misc{dispersion-kernels,
		title="Dispersion Kernels for Water Wave Simulation [Электронный ресурс]",
		howpublished="Режим доступа: \url{https://graphics.pixar.com/library/DispersionKernels/paper.pdf} (дата обращения: 12.09.2021)"
}

@misc{wave-packets,
		title="Water Wave Packets [Электронный ресурс]",
		howpublished="Режим доступа: \url{http://pub.ist.ac.at/group_wojtan/projects/2017\_Jeschke\_WaterWavePackets/wavepackets\_author.pdf} (дата обращения: 12.09.2021)"
}
