@article{large,
	author = {Irving, Geoffrey and Guendelman, Eran},
	title = {Efficient Simulation of Large Bodies of Water by Coupling Two and Three Dimensional Techniques},
	year = {2006},
	booktitle = {ACM SIGGRAPH 2006 Papers},
	pages = {805–811},
	address = {Boston, Massachusetts}
}

@article{packets,
	author = {Jeschke, Stefan and Wojtan, Chris},
	title = {Water Wave Packets},
	year = {2017},
	address = {New York, NY, USA},
	pages = {4-16},
	journal = {ACM Trans. Graph.},
	month = {07}
}

@article{dispersion,
	author = {Canabal, and Miraut, David and Thuerey, Nils},
	title = {Dispersion Kernels for Water Wave Simulation},
	year = {2016},
	address = {New York, NY, USA},
	journal = {ACM Trans. Graph.},
	month = {11},
	pages = {10-15}
}

@book{airy,
    title="Tides and Waves",
    author="Airy G.",
    year="1849"
}

@article{cycloid,
	author = {Fournier, Alain and Reeves, William T.},
	title = {A Simple Model of Ocean Waves},
	year = {1986},
	address = {New York, NY, USA},
	journal = {SIGGRAPH Comput. Graph.},
	month = {08},
	pages = {75–84}
}

@article{sin,
	author = {Emmanuelle, Darles and Crespin, Benoît},
	year = {2011},
	month = {09},
	pages = {1-30},
	title = {A Survey of Ocean Simulation and Rendering Techniques in Computer Graphics},
	journal = {Computer Graphics Forum - CGF},
	address = {New York, NY, USA},
}

@article{sph,
	author = {Ihmsen, Markus and Orthmann, Jens},
	year = {2014},
	month = {01},
	pages = {1-15},
	journal = {VRIPHYS 2011 - 8th Workshop on Virtual Reality Interactions and Physical Simulations},
	title = {SPH Fluids in Computer Graphics - Eurographics State-of-the-art report},
	address = {Darmstadt}
}

@article{mps,
	author = {Premoze, Simon and Tasdizen, Tolga},
	year = {2003},
	month = {06},
	pages = {1-22},
	title = {Particle-Based Simulation of Fluids},
	journal = {Computer Graphics Forum},
	address = {New York, NY, USA}
}

@article{heightfield,
	author = {Kass, Michael and Miller, Gavin},
	title = {Rapid, Stable Fluid Dynamics for Computer Graphics},
	year = {1990},
	address = {New York, NY, USA},
	volume = {24},
	number = {4},
	journal = {SIGGRAPH Comput. Graph.},
	month = {09},
	pages = {49–57}
}

@article{combine,
	author = {Solenthaler, Barbara and Bucher, Peter},
	year = {2011},
	month = {01},
	pages = {39-46},
	title = {SPH Based Shallow Water Simulation.},
	journal = {VRIPHYS 2011 - 8th Workshop on Virtual Reality Interactions and Physical Simulations},
	address = {Darmstadt}
}

@article{directx,
	author = {Hillesland, Karl},
	title = {OpenGL and DirectX},
	year = {2013},
	booktitle = {SIGGRAPH Asia 2013 Courses},
	pages = {79-85},
	address = {Hong Kong, Hong Kong}
}

@article{vulkan,
	author = {Bailey, Mike},
	title = {Introduction to the Vulkan® Computer Graphics API},
	year = {2019},
	booktitle = {SIGGRAPH Asia 2019 Courses},
	pages = {155-160},
	address = {Brisbane, Queensland, Australia}
}

@misc{blender,
    title = "Blender",
    howpublished = "Режим доступа: \url{https://www.blender.org/} [Электронный ресурс]"
}

@misc{mantaflow,
    title = "Mantaflow",
    howpublished = "Режим доступа: \url{http://mantaflow.com/} [Электронный ресурс]"
}

@misc{flow-3d,
    title = "FLOW-3D",
    howpublished = "Режим доступа: \url{https://www.flow3d.com/modeling-capabilities/waves/} [Электронный ресурс]"
}

@misc{python,
	title="Welcome to Python [Электронный ресурс]",
	howpublished="Режим доступа: \url{https://www.python.org}"
}

@misc{glsl,
	title="OpenGL Shading Language [Электронный ресурс]",
	howpublished="Режим доступа: \url{https://www.khronos.org/opengl/wiki/OpenGL\_Shading\_Language}"
}

@misc{qt,
	title="Qt Designer Manual [Электронный ресурс]",
	howpublished="Режим доступа: \url{https://doc.qt.io/qt-5/qtdesigner-manual.html}"
}

@misc{vs,
	title="Visual Studio Code [Электронный ресурс]",
	howpublished="Режим доступа: \url{https://code.visualstudio.com/docs}"
}

@misc{linux,
	title="Ubuntu 20.04 LTS (Focal Fossa) Beta [Электронный ресурс]",
	howpublished="Режим доступа: \url{http://old-releases.ubuntu.com/releases/20.04.1/}"
}

@misc{amd,
	title="Мобильный процессор AMD Ryzen™ 3 3200U с графикой Radeon™ Vega 3 [Электронный ресурс]",
	howpublished="Режим доступа: \url{https://www.amd.com/ru/products/apu/amd-ryzen-3-3200u}"
}

@article{fps,
	author = {Debattista, Kurt and Bugeja, Keith},
	year = {2017},
	month = {09},
	pages = {1-37},
	title = {Frame Rate vs Resolution: A Subjective Evaluation of Spatiotemporal Perceived Quality Under Varying Computational Budgets},
	journal = {Computer Graphics Forum},
	address = {Chichester}
}
